@book {GoRo2001,
    AUTHOR = {Godsil, Chris and Royle, Gordon},
     TITLE = {Algebraic graph theory},
    SERIES = {Graduate Texts in Mathematics},
    VOLUME = {207},
 PUBLISHER = {Springer-Verlag, New York},
      YEAR = {2001},
     PAGES = {xx+439},
      ISBN = {0-387-95241-1; 0-387-95220-9},
   MRCLASS = {05-02 (05C50 05E30)},
  MRNUMBER = {1829620},
MRREVIEWER = {Robin\ J.\ Wilson},
       DOI = {10.1007/978-1-4613-0163-9},
       URL = {https://doi.org/10.1007/978-1-4613-0163-9},
}


@book {Bol1998,
    AUTHOR = {Bollob\'{a}s, B\'{e}la},
     TITLE = {Modern graph theory},
    SERIES = {Graduate Texts in Mathematics},
    VOLUME = {184},
 PUBLISHER = {Springer-Verlag, New York},
      YEAR = {1998},
     PAGES = {xiv+394},
      ISBN = {0-387-98488-7},
   MRCLASS = {05-01 (05-02 05Cxx)},
  MRNUMBER = {1633290},
MRREVIEWER = {Jerrold\ W.\ Grossman},
       DOI = {10.1007/978-1-4612-0619-4},
       URL = {https://doi.org/10.1007/978-1-4612-0619-4},
}

@book {Oxl2011,
    AUTHOR = {Oxley, James},
     TITLE = {Matroid theory},
    SERIES = {Oxford Graduate Texts in Mathematics},
    VOLUME = {21},
   EDITION = {Second},
 PUBLISHER = {Oxford University Press, Oxford},
      YEAR = {2011},
     PAGES = {xiv+684},
      ISBN = {978-0-19-960339-8},
   MRCLASS = {05-01 (05B35 90C27)},
  MRNUMBER = {2849819},
MRREVIEWER = {Maruti\ M.\ Shikare},
       DOI = {10.1093/acprof:oso/9780198566946.001.0001},
       URL = {https://doi.org/10.1093/acprof:oso/9780198566946.001.0001},
}

@book {Wel1993,
    AUTHOR = {Welsh, D. J. A.},
     TITLE = {Complexity: knots, colourings and counting},
    SERIES = {London Mathematical Society Lecture Note Series},
    VOLUME = {186},
 PUBLISHER = {Cambridge University Press, Cambridge},
      YEAR = {1993},
     PAGES = {viii+163},
      ISBN = {0-521-45740-8},
   MRCLASS = {57M25 (03D15 05C15 82B23)},
  MRNUMBER = {1245272},
MRREVIEWER = {Lorenzo\ Traldi},
       DOI = {10.1017/CBO9780511752506},
       URL = {https://doi.org/10.1017/CBO9780511752506},
}

@book {Wel1976,
    AUTHOR = {Welsh, D. J. A.},
     TITLE = {Matroid theory},
    SERIES = {L. M. S. Monographs},
    VOLUME = {No. 8},
 PUBLISHER = {Academic Press [Harcourt Brace Jovanovich, Publishers],
              London-New York},
      YEAR = {1976},
     PAGES = {xi+433},
   MRCLASS = {05B35},
  MRNUMBER = {427112},
MRREVIEWER = {W.\ T.\ Tutte},
}

@article {JaVeWe1990,
    AUTHOR = {Jaeger, F. and Vertigan, D. L. and Welsh, D. J. A.},
     TITLE = {On the computational complexity of the {J}ones and {T}utte
              polynomials},
   JOURNAL = {Math. Proc. Cambridge Philos. Soc.},
  FJOURNAL = {Mathematical Proceedings of the Cambridge Philosophical
              Society},
    VOLUME = {108},
      YEAR = {1990},
    NUMBER = {1},
     PAGES = {35--53},
      ISSN = {0305-0041,1469-8064},
   MRCLASS = {05B35 (57M25 68Q25)},
  MRNUMBER = {1049758},
MRREVIEWER = {Mark\ E.\ Kidwell},
       DOI = {10.1017/S0305004100068936},
       URL = {https://doi.org/10.1017/S0305004100068936},
}

@book {Wil1985,
    AUTHOR = {Wilson, Robin J.},
     TITLE = {Introduction to graph theory},
   EDITION = {Third},
 PUBLISHER = {Longman, New York},
      YEAR = {1985},
     PAGES = {viii+166},
      ISBN = {0-582-44685-6},
   MRCLASS = {05Cxx (05-01)},
  MRNUMBER = {826772},
}

@book{ElMo2022,
	AUTHOR = {Ellis-Monaghan, Joanna and Moffatt, Iain},
	TITLE = {Handbook of the Tutte Polynomial and Related 	Topics},
	EDITION = {},
	PUBLISHER = {CRC Press},
	YEAR = {2022},
	PAGES = {804},
	ISBN = {9780429161612},
	MRCLASS = {},
	DOI = {10.1201/9780429161612}
}
@article {Tu1954,
    AUTHOR = {Tutte, W. T.},
     TITLE = {A contribution to the theory of chromatic polynomials},
   JOURNAL = {Canad. J. Math.},
  FJOURNAL = {Canadian Journal of Mathematics. Journal Canadien de
              Math\'{e}matiques},
    VOLUME = {6},
      YEAR = {1954},
     PAGES = {80--91},
      ISSN = {0008-414X,1496-4279},
   MRCLASS = {56.0X},
  MRNUMBER = {61366},
MRREVIEWER = {G.\ A.\ Dirac},
       DOI = {10.4153/cjm-1954-010-9},
       URL = {https://doi.org/10.4153/cjm-1954-010-9},
}
@article {Ko2021,
    AUTHOR = {Kochol, Martin},
     TITLE = {Interpretations of the {T}utte and characteristic polynomials
              of matroids},
   JOURNAL = {J. Algebraic Combin.},
  FJOURNAL = {Journal of Algebraic Combinatorics. An International Journal},
    VOLUME = {53},
      YEAR = {2021},
    NUMBER = {1},
     PAGES = {1--9},
      ISSN = {0925-9899,1572-9192},
   MRCLASS = {05C31 (05B35)},
  MRNUMBER = {4212980},
MRREVIEWER = {Konrad\ P.\ Pi\'{o}ro},
       DOI = {10.1007/s10801-019-00914-6},
       URL = {https://doi.org/10.1007/s10801-019-00914-6},
}
@book {Wh1987,
     TITLE = {Combinatorial geometries},
    SERIES = {Encyclopedia of Mathematics and its Applications},
    VOLUME = {29},
    EDITOR = {White, Neil},
 PUBLISHER = {Cambridge University Press, Cambridge},
      YEAR = {1987},
     PAGES = {xii+212},
      ISBN = {0-521-33339-3},
   MRCLASS = {05B35},
  MRNUMBER = {921064},
       DOI = {10.1017/CBO9781107325715},
       URL = {https://doi.org/10.1017/CBO9781107325715},
}
@incollection {Za1987,
    AUTHOR = {Zaslavsky, Thomas},
     TITLE = {The {M}\"{o}bius function and the characteristic polynomial},
 BOOKTITLE = {Combinatorial geometries},
    SERIES = {Encyclopedia Math. Appl.},
    VOLUME = {29},
     PAGES = {114--138},
 PUBLISHER = {Cambridge Univ. Press, Cambridge},
      YEAR = {1987},
      ISBN = {0-521-33339-3},
   MRCLASS = {03B35 (05A15 05C15)},
  MRNUMBER = {921071},
}
@article {Tu1947,
    AUTHOR = {Tutte, W. T.},
     TITLE = {A ring in graph theory},
   JOURNAL = {Proc. Cambridge Philos. Soc.},
  FJOURNAL = {Proceedings of the Cambridge Philosophical Society},
    VOLUME = {43},
      YEAR = {1947},
     PAGES = {26--40},
      ISSN = {0008-1981},
   MRCLASS = {56.0X},
  MRNUMBER = {18406},
MRREVIEWER = {H.\ S. M. Coxeter},
       DOI = {10.1017/s0305004100023173},
       URL = {https://doi.org/10.1017/s0305004100023173},
}
@incollection {We1999,
    AUTHOR = {Welsh, Dominic},
     TITLE = {The {T}utte polynomial},
      NOTE = {Statistical physics methods in discrete probability,
              combinatorics, and theoretical computer science (Princeton,
              NJ, 1997)},
   JOURNAL = {Random Structures Algorithms},
  FJOURNAL = {Random Structures \& Algorithms},
    VOLUME = {15},
      YEAR = {1999},
    NUMBER = {3-4},
     PAGES = {210--228},
      ISSN = {1042-9832,1098-2418},
   MRCLASS = {05B35 (05C15 05C80)},
  MRNUMBER = {1716762},
MRREVIEWER = {James\ G.\ Oxley},
       DOI =
              {10.1002/(SICI)1098-2418(199910/12)15:3/4<210::AID-RSA2>3.0.CO;2-R},
       URL =
              {https://doi.org/10.1002/(SICI)1098-2418(199910/12)15:3/4<210::AID-RSA2>3.0.CO;2-R},
}

@book {Co1994,
    AUTHOR = {Adams, Colin C.},
     TITLE = {The knot book},
      NOTE = {An elementary introduction to the mathematical theory of
              knots},
 PUBLISHER = {W. H. Freeman and Company, New York},
      YEAR = {1994},
     PAGES = {xiv+306},
      ISBN = {0-7167-2393-X},
   MRCLASS = {57M25 (57M15 57M50 57Q45)},
  MRNUMBER = {1266837},
MRREVIEWER = {Marko\ Kranjc},
}
@article {Jo1985,
    AUTHOR = {Jones, Vaughan F. R.},
     TITLE = {A polynomial invariant for knots via von {N}eumann algebras},
   JOURNAL = {Bull. Amer. Math. Soc. (N.S.)},
  FJOURNAL = {American Mathematical Society. Bulletin. New Series},
    VOLUME = {12},
      YEAR = {1985},
    NUMBER = {1},
     PAGES = {103--111},
      ISSN = {0273-0979,1088-9485},
   MRCLASS = {57M25 (46L10)},
  MRNUMBER = {766964},
MRREVIEWER = {J.\ S.\ Birman},
       DOI = {10.1090/S0273-0979-1985-15304-2},
       URL = {https://doi.org/10.1090/S0273-0979-1985-15304-2},
}
@article {No1998,
    AUTHOR = {Noble, S. D.},
     TITLE = {Evaluating the {T}utte polynomial for graphs of bounded
              tree-width},
   JOURNAL = {Combin. Probab. Comput.},
  FJOURNAL = {Combinatorics, Probability and Computing},
    VOLUME = {7},
      YEAR = {1998},
    NUMBER = {3},
     PAGES = {307--321},
      ISSN = {0963-5483,1469-2163},
   MRCLASS = {05C85 (05C05)},
  MRNUMBER = {1664331},
MRREVIEWER = {Hans\ L.\ Bodlaender},
       DOI = {10.1017/S0963548398003551},
       URL = {https://doi.org/10.1017/S0963548398003551},
}
@article {VW1992,
    AUTHOR = {Vertigan, D. L. and Welsh, D. J. A.},
     TITLE = {The computational complexity of the {T}utte plane: the
              bipartite case},
   JOURNAL = {Combin. Probab. Comput.},
  FJOURNAL = {Combinatorics, Probability and Computing},
    VOLUME = {1},
      YEAR = {1992},
    NUMBER = {2},
     PAGES = {181--187},
      ISSN = {0963-5483,1469-2163},
   MRCLASS = {05B35 (05C15 05C85 68Q25 68R05)},
  MRNUMBER = {1179248},
MRREVIEWER = {K.\ Jay\ Bagga},
       DOI = {10.1017/S0963548300000195},
       URL = {https://doi.org/10.1017/S0963548300000195},
}

@article {Hl2006,
    AUTHOR = {Gim\'{e}nez, Omer and Hlin\v{e}n\'{y}, Petr and Noy, Marc},
     TITLE = {Computing the {T}utte polynomial on graphs of bounded
              clique-width},
   JOURNAL = {SIAM J. Discrete Math.},
  FJOURNAL = {SIAM Journal on Discrete Mathematics},
    VOLUME = {20},
      YEAR = {2006},
    NUMBER = {4},
     PAGES = {932--946},
      ISSN = {0895-4801,1095-7146},
   MRCLASS = {05C85 (68R10)},
  MRNUMBER = {2272239},
MRREVIEWER = {Sang-il\ Oum},
       DOI = {10.1137/050645208},
       URL = {https://doi.org/10.1137/050645208},
}
@article {Gr1976,
    AUTHOR = {Greene, Curtis},
     TITLE = {Weight enumeration and the geometry of linear codes},
   JOURNAL = {Studies in Appl. Math.},
  FJOURNAL = {Studies in Applied Mathematics},
    VOLUME = {55},
      YEAR = {1976},
    NUMBER = {2},
     PAGES = {119--128},
      ISSN = {0022-2526,1467-9590},
   MRCLASS = {05B35 (94A10)},
  MRNUMBER = {447020},
MRREVIEWER = {Thomas\ Brylawski},
       DOI = {10.1002/sapm1976552119},
       URL = {https://doi.org/10.1002/sapm1976552119},
}